@book {probabilistic,
    AUTHOR = {Alon, Noga and Spencer, Joel H.},
     TITLE = {The probabilistic method},
    SERIES = {Wiley-Interscience Series in Discrete Mathematics and
              Optimization},
      NOTE = {With an appendix by Paul Erd{\H{o}}s,
              A Wiley-Interscience Publication},
 PUBLISHER = {John Wiley \& Sons Inc.},
   ADDRESS = {New York},
      YEAR = {1992},
     PAGES = {xvi+254},
      ISBN = {0-471-53588-5},
   MRCLASS = {60-02 (05C80 11K99 60C05)},
  MRNUMBER = {1140703 (93h:60002)},
MRREVIEWER = {Bert Fristedt},
}

@article {currie,
    AUTHOR = {Currie, James D.},
     TITLE = {Pattern avoidance: themes and variations},
   JOURNAL = {Theoret. Comput. Sci.},
  FJOURNAL = {Theoretical Computer Science},
    VOLUME = {339},
      YEAR = {2005},
    NUMBER = {1},
     PAGES = {7--18},
      ISSN = {0304-3975},
     CODEN = {TCSDI},
   MRCLASS = {68R15 (05A05)},
  MRNUMBER = {2142070 (2005m:68173)},
       DOI = {10.1016/j.tcs.2005.01.004},
       URL = {http://dx.doi.org/10.1016/j.tcs.2005.01.004},
}

@book {flajolet,
    AUTHOR = {Flajolet, Philippe and Sedgewick, Robert},
     TITLE = {Analytic combinatorics},
 PUBLISHER = {Cambridge University Press},
   ADDRESS = {Cambridge},
      YEAR = {2009},
     PAGES = {xiv+810},
      ISBN = {978-0-521-89806-5},
   MRCLASS = {05-02 (05A15 05A16 60C05 60E10 82-01)},
  MRNUMBER = {2483235 (2010h:05005)},
       DOI = {10.1017/CBO9780511801655},
       URL = {http://dx.doi.org/10.1017/CBO9780511801655},
}

@incollection {odlyzko,
    AUTHOR = {Odlyzko, A. M.},
     TITLE = {Enumeration of strings},
 BOOKTITLE = {Combinatorial algorithms on words ({M}aratea, 1984)},
    SERIES = {NATO Adv. Sci. Inst. Ser. F Comput. Systems Sci.},
    VOLUME = {12},
     PAGES = {205--228},
 PUBLISHER = {Springer},
   ADDRESS = {Berlin},
      YEAR = {1985},
   MRCLASS = {68R05 (05A15 68Q20)},
  MRNUMBER = {815341 (87e:68087)},
}
